<?xml version="1.0" encoding="UTF-8" ?>
<collection xmlns:xsi="http://www.w3.org/2001/XMLSchema-instance" xsi:schemaLocation="http://www.loc.gov/MARC21/slim http://www.loc.gov/standards/marcxml/schema/MARC21slim.xsd" xmlns="http://www.loc.gov/MARC21/slim">
   <record>
      <leader>     cam a22      a 4500</leader>
      <controlfield tag="001">3763940</controlfield>
      <controlfield tag="003">COO</controlfield>
      <controlfield tag="005">20140802210910.0</controlfield>
      <controlfield tag="008">941117s1957    ae            001 0 arard</controlfield>
      <datafield tag="035" ind1=" " ind2=" ">
         <subfield code="a">(NIC)notisASY2240</subfield>
      </datafield>
      <datafield tag="035" ind1=" " ind2=" ">
         <subfield code="a">(OCoLC)31477878</subfield>
      </datafield>
      <datafield tag="035" ind1=" " ind2=" ">
         <subfield code="a">3763940</subfield>
      </datafield>
      <datafield tag="040" ind1=" " ind2=" ">
         <subfield code="a">NOC</subfield>
         <subfield code="c">NOC</subfield>
         <subfield code="d">NIC</subfield>
      </datafield>
      <datafield tag="100" ind1="0" ind2=" ">
         <subfield code="a">Idrīsī,</subfield>
         <subfield code="d">approximately 1100-1166.</subfield>
      </datafield>
      <datafield tag="240" ind1="1" ind2="0">
         <subfield code="a">Nuzhat al-mushtāq fī ikhtirāq al-āfāq.</subfield>
         <subfield code="k">Selections</subfield>
      </datafield>
      <datafield tag="245" ind1="1" ind2="0">
         <subfield code="a">Waṣf Ifrīqiyā al-Shamālīyah wa-al-Ṣaḥrāwīyah :</subfield>
         <subfield code="b">maʼkhūdh min Kitāb Nuzhat al-mushtāq fī ikhtirāq al-āfāq /</subfield>
         <subfield code="c">taʼlīf al-Sharīf al-Idrīsī (naḥwa 548 H = 1154 M) ; qad iʻtaná bi-taṣḥīḥihi wa-nashrihi Hinrī Bīrīs.</subfield>
      </datafield>
      <datafield tag="260" ind1=" " ind2=" ">
         <subfield code="a">al-Jazāʼir :</subfield>
         <subfield code="b">La Maison des livres,</subfield>
         <subfield code="c">1957.</subfield>
      </datafield>
      <datafield tag="300" ind1=" " ind2=" ">
         <subfield code="a">142, v p. ;</subfield>
         <subfield code="c">25 cm.</subfield>
      </datafield>
      <datafield tag="490" ind1="1" ind2=" ">
         <subfield code="a">Maktabat Maʻhad al-Durūs al-ʻUlyā al-Islāmīyah bi-al-Jazāʼir</subfield>
      </datafield>
      <datafield tag="490" ind1="1" ind2=" ">
         <subfield code="a">Bibliothèque de l&apos;Institut d&apos;études supérieures islamiques d&apos;Alger ;</subfield>
         <subfield code="v">10</subfield>
      </datafield>
      <datafield tag="500" ind1=" " ind2=" ">
         <subfield code="a">Title on added t.p.: Description de l&apos;Afrique septentrionale et saharienne.</subfield>
      </datafield>
      <datafield tag="500" ind1=" " ind2=" ">
         <subfield code="a">&quot;Texte arabe extrait du &apos;Kitâb Nuzhat al-Muchtâq fî Ikhtirâq al-Afâq&apos; d&apos;après l&apos;édition de Leyde [1866], par R. Dozy et J. de Goeje&quot;--Added t.p.</subfield>
      </datafield>
      <datafield tag="500" ind1=" " ind2=" ">
         <subfield code="a">Includes indexes.</subfield>
      </datafield>
      <datafield tag="651" ind1=" " ind2="0">
         <subfield code="a">Africa, North</subfield>
         <subfield code="x">Description and travel.</subfield>
      </datafield>
      <datafield tag="651" ind1=" " ind2="0">
         <subfield code="a">Sahara</subfield>
         <subfield code="x">Description and travel.</subfield>
      </datafield>
      <datafield tag="700" ind1="1" ind2=" ">
         <subfield code="a">Pérès, Henri.</subfield>
      </datafield>
      <datafield tag="700" ind1="1" ind2=" ">
         <subfield code="a">Dozy, Reinhart Pieter Anne,</subfield>
         <subfield code="d">1820-1883.</subfield>
      </datafield>
      <datafield tag="700" ind1="1" ind2=" ">
         <subfield code="a">Goeje, M. J. de</subfield>
         <subfield code="q">(Michael Jan),</subfield>
         <subfield code="d">1836-1909.</subfield>
      </datafield>
      <datafield tag="740" ind1="0" ind2=" ">
         <subfield code="a">Waṣf Afrīqiyā al-Shamālīyah wa-al-Ṣaḥrāwīyah.</subfield>
      </datafield>
      <datafield tag="740" ind1="0" ind2=" ">
         <subfield code="a">Description de l&apos;Afrique septentrionale et saharienne.</subfield>
      </datafield>
      <datafield tag="830" ind1=" " ind2="0">
         <subfield code="a">Maktabat Maʻhad al-Durūs al-ʻUlyā al-Islāmīyah bi-al-Jazāʼir.</subfield>
      </datafield>
      <datafield tag="830" ind1=" " ind2="0">
         <subfield code="a">Bibliothèque de l&apos;Institut d&apos;études supérieures islamiques d&apos;Alger ;</subfield>
         <subfield code="v">10.</subfield>
      </datafield>
      <datafield tag="905" ind1=" " ind2=" ">
         <subfield code="a">20000216120000.0</subfield>
      </datafield>
      <datafield tag="948" ind1="2" ind2=" ">
         <subfield code="a">20121023</subfield>
         <subfield code="b">m</subfield>
         <subfield code="d">batch</subfield>
         <subfield code="e">lts</subfield>
         <subfield code="x">remove999</subfield>
      </datafield>
      <datafield tag="950" ind1=" " ind2=" ">
         <subfield code="l">OLIN</subfield>
         <subfield code="x">9999</subfield>
         <subfield code="a">DT163</subfield>
         <subfield code="b">.I21</subfield>
      </datafield>
      <datafield tag="903" ind1=" " ind2=" ">
         <subfield code="a">NYUACO</subfield>
         <subfield code="d">20141028</subfield>
         <subfield code="p">31924028637274</subfield>
      </datafield>
      <datafield tag="950" ind1=" " ind2=" ">
         <subfield code="a">DT163</subfield>
         <subfield code="b">.I21</subfield>
         <subfield code="v"> </subfield>
      </datafield>
   </record>
</collection>
